<record><leader>01461cam a2200397 i 45 0</leader><controlfield tag="001">6789343</controlfield><controlfield tag="003">OCoLC</controlfield><controlfield tag="005">20150126154856.0</controlfield><controlfield tag="008">140819t20152015enk      b    001 0 eng d</controlfield><datafield ind1=" " ind2=" " tag="010"><subfield code="a">  2014032940</subfield></datafield><datafield ind1=" " ind2=" " tag="020"><subfield code="a">9781118819593</subfield><subfield code="q">(pbk.)</subfield></datafield><datafield ind1=" " ind2=" " tag="020"><subfield code="a">1118819594</subfield><subfield code="q">(pbk.)</subfield></datafield><datafield ind1=" " ind2=" " tag="035"><subfield code="a">ocn910868540</subfield></datafield><datafield ind1=" " ind2=" " tag="040"><subfield code="a">DLC</subfield><subfield code="b">eng</subfield><subfield code="e">rda</subfield><subfield code="c">DLC</subfield><subfield code="d">OCLCO</subfield><subfield code="d">YDXCP</subfield><subfield code="d">OCLCQ</subfield><subfield code="d">AEVC</subfield></datafield><datafield ind1=" " ind2=" " tag="042"><subfield code="a">pcc</subfield></datafield><datafield ind1=" " ind2=" " tag="043"><subfield code="a">e-uk---</subfield></datafield><datafield ind1="0" ind2="0" tag="050"><subfield code="a">RG627.6.D79</subfield><subfield code="b">N463 2014</subfield></datafield><datafield ind1="0" ind2="0" tag="082"><subfield code="a">618.3/2686</subfield><subfield code="2">23</subfield></datafield><datafield ind1=" " ind2=" " tag="090"><subfield code="a">618.32686 NEO</subfield><subfield code="b">AEVC</subfield></datafield><datafield ind1="0" ind2="0" tag="245"><subfield code="a">Neonatal formulary 7 :</subfield><subfield code="b">drug use in pregnancy and the first year of life.</subfield></datafield><datafield ind1="3" ind2="0" tag="246"><subfield code="a">NNF7</subfield></datafield><datafield ind1=" " ind2=" " tag="250"><subfield code="a">Seventh edition.</subfield></datafield><datafield ind1=" " ind2="1" tag="264"><subfield code="a">Chichester, West Sussex :</subfield><subfield code="b">John Wiley &amp; Sons Inc.,</subfield><subfield code="c">2015.</subfield></datafield><datafield ind1=" " ind2="4" tag="264"><subfield code="c">&#169;2015.</subfield></datafield><datafield ind1=" " ind2=" " tag="300"><subfield code="a">xi, 631 pages ;</subfield><subfield code="c">25 cm</subfield></datafield><datafield ind1=" " ind2=" " tag="336"><subfield code="a">text</subfield><subfield code="b">txt</subfield><subfield code="2">rdacontent</subfield></datafield><datafield ind1=" " ind2=" " tag="337"><subfield code="a">unmediated</subfield><subfield code="b">n</subfield><subfield code="2">rdamedia</subfield></datafield><datafield ind1=" " ind2=" " tag="338"><subfield code="a">volume</subfield><subfield code="b">nc</subfield><subfield code="2">rdacarrier</subfield></datafield><datafield ind1=" " ind2=" " tag="504"><subfield code="a">Includes bibliographical references and index.</subfield></datafield><datafield ind1=" " ind2=" " tag="596"><subfield code="a">3</subfield></datafield><datafield ind1=" " ind2="0" tag="650"><subfield code="a">Newborn infants</subfield><subfield code="x">Effect of drugs on.</subfield></datafield><datafield ind1=" " ind2="0" tag="650"><subfield code="a">Obstetrical pharmacology.</subfield></datafield><datafield ind1=" " ind2="0" tag="650"><subfield code="a">Pharmacopoeias</subfield><subfield code="z">Great Britain.</subfield></datafield><datafield ind1="1" ind2=" " tag="700"><subfield code="a">Ainsworth, Sean Brian,</subfield><subfield code="d">1964-</subfield></datafield><datafield ind1="0" ind2="8" tag="776"><subfield code="i">Online version:</subfield><subfield code="t">Neonatal formulary 7.</subfield><subfield code="b">7 edition.</subfield><subfield code="d">Chichester, West Sussex ; Ames, Iowa : John Wiley &amp; Sons Inc., [2014]</subfield><subfield code="z">9781118819579</subfield><subfield code="w">(DLC)  2014033422</subfield></datafield><datafield ind1=" " ind2=" " tag="926"><subfield code="a">618.32686 NEO</subfield><subfield code="w">DEWEY</subfield><subfield code="c">1</subfield><subfield code="i">33862001353956</subfield><subfield code="d">2/17/2017</subfield><subfield code="e">2/14/2017</subfield><subfield code="l">ON_SHELF</subfield><subfield code="m">NORQ_MAIN</subfield><subfield code="n">2</subfield><subfield code="p">$83.16</subfield><subfield code="r">Y</subfield><subfield code="s">Y</subfield><subfield code="t">BOOK</subfield><subfield code="u">1/26/2015</subfield></datafield></record>